@article{Manning2011Challenges,
  author = "Bill Manning",
  title = "Infrastructure Challenges to {DNS} Scaling",
  journal = "The Internet Protocol Journal",
  year = "2011",
  month = "December",
  volume = "14",
  number = "4",
  pages = "9--14"
}

@techreport{rfc3226,
   AUTHOR = " O. Gudmundsson",
   TITLE = "{DNSSEC and IPv6 A6 aware server/resolver message size requirements}",
   HOWPUBLISHED = {Internet Requests for Comments},
   TYPE="{RFC}",
   NUMBER=3226,
   YEAR = {2001},
   MONTH = {December},
   ISSN = {2070-1721},
   PUBLISHER = "{RFC Editor}",
   INSTITUTION = "{RFC Editor}",
   URL={http://www.rfc-editor.org/rfc/rfc3226.txt}
}
